<record><leader>00000cas a22000007a 4500</leader><controlfield tag="001">22355969</controlfield><controlfield tag="008">900911c19909999inuwr ne      0   a0eng d</controlfield><datafield ind1=" " ind2=" " tag="010"><subfield code="a">sn 90099368 </subfield></datafield><datafield ind1=" " ind2=" " tag="040"><subfield code="a">NPI</subfield><subfield code="b">eng</subfield><subfield code="c">NPI</subfield><subfield code="d">NSD</subfield><subfield code="d">OCLCQ</subfield></datafield><datafield ind1=" " ind2=" " tag="012"><subfield code="m">1</subfield></datafield><datafield ind1="1" ind2=" " tag="022"><subfield code="a">1053-6922</subfield><subfield code="l">1053-6922</subfield><subfield code="2">1</subfield></datafield><datafield ind1=" " ind2=" " tag="032"><subfield code="a">439140</subfield><subfield code="b">USPS</subfield></datafield><datafield ind1=" " ind2=" " tag="037"><subfield code="b">The Herald/times, PO Box 807, Hebron, IN 46341</subfield></datafield><datafield ind1=" " ind2=" " tag="042"><subfield code="a">msc</subfield><subfield code="a">nsdp</subfield></datafield><datafield ind1="0" ind2=" " tag="130"><subfield code="a">Herald/times (Hebron, Ind.)</subfield></datafield><datafield ind1=" " ind2="4" tag="222"><subfield code="a">The Herald/times</subfield><subfield code="b">(Hebron, Ind.)</subfield></datafield><datafield ind1="1" ind2="4" tag="245"><subfield code="a">The Herald/times.</subfield></datafield><datafield ind1=" " ind2=" " tag="260"><subfield code="a">Hebron, IN :</subfield><subfield code="b">Herald/Times,</subfield><subfield code="c">1990-</subfield></datafield><datafield ind1=" " ind2=" " tag="300"><subfield code="a">v. :</subfield><subfield code="b">ill. ;</subfield><subfield code="c">58 cm.</subfield></datafield><datafield ind1=" " ind2=" " tag="310"><subfield code="a">Weekly</subfield></datafield><datafield ind1="0" ind2=" " tag="362"><subfield code="a">No. 36 (Thursday, Sept. 6, 1990)-</subfield></datafield><datafield ind1=" " ind2=" " tag="752"><subfield code="a">United States</subfield><subfield code="b">Indiana</subfield><subfield code="c">Porter</subfield><subfield code="d">Hebron.</subfield></datafield><datafield ind1=" " ind2=" " tag="752"><subfield code="a">United States</subfield><subfield code="b">Indiana</subfield><subfield code="c">Porter</subfield><subfield code="d">Kouts.</subfield></datafield><datafield ind1="0" ind2="4" tag="780"><subfield code="t">Kouts times</subfield><subfield code="w">(DLC)sn 86058325</subfield></datafield><datafield ind1="0" ind2="4" tag="780"><subfield code="t">Porter County times</subfield><subfield code="w">(DLC)sn 86058320</subfield></datafield></record>